<record><leader>00000cas a2200000 a 4500</leader><controlfield tag="001">9864260</controlfield><controlfield tag="008">830831d18021808mduwr ne      0    0eng  </controlfield><datafield ind1=" " ind2=" " tag="010"><subfield code="a">sn 83016476 </subfield></datafield><datafield ind1=" " ind2=" " tag="040"><subfield code="a">DLC</subfield><subfield code="b">eng</subfield><subfield code="c">DLC</subfield><subfield code="d">NPX</subfield><subfield code="d">MFN</subfield><subfield code="d">DLC</subfield><subfield code="d">KRTAS</subfield><subfield code="d">OCLCQ</subfield><subfield code="d">CUS</subfield></datafield><datafield ind1=" " ind2=" " tag="019"><subfield code="a">10617179</subfield></datafield><datafield ind1=" " ind2=" " tag="042"><subfield code="a">pcc</subfield></datafield><datafield ind1=" " ind2=" " tag="043"><subfield code="a">n-us-md</subfield></datafield><datafield ind1="0" ind2="0" tag="050"><subfield code="a">Newspaper</subfield></datafield><datafield ind1="1" ind2="4" tag="050"><subfield code="a">AN</subfield></datafield><datafield ind1="0" ind2=" " tag="130"><subfield code="a">Republican advocate (Frederick, Md.)</subfield></datafield><datafield ind1="1" ind2="0" tag="245"><subfield code="a">Republican advocate.</subfield></datafield><datafield ind1=" " ind2=" " tag="260"><subfield code="a">Frederick-Town, Md. :</subfield><subfield code="b">John B. Colvin</subfield></datafield><datafield ind1=" " ind2=" " tag="300"><subfield code="a">v.</subfield></datafield><datafield ind1=" " ind2=" " tag="310"><subfield code="a">Weekly</subfield></datafield><datafield ind1="0" ind2=" " tag="362"><subfield code="a">Vol. 1, no. 1 (Dec. 6, 1802)-v. 6, no. 312 (Dec. 22, 1808).</subfield></datafield><datafield ind1=" " ind2=" " tag="530"><subfield code="a">Also issued on microfilm from the Library of Congress, Photoduplication Service.</subfield></datafield><datafield ind1=" " ind2=" " tag="752"><subfield code="a">United States</subfield><subfield code="b">Maryland</subfield><subfield code="c">Frederick</subfield><subfield code="d">Frederick.</subfield></datafield><datafield ind1="4" ind2="1" tag="856"><subfield code="3">12/06/1802 to 12/15/1808</subfield><subfield code="u">http://infoweb.newsbank.com/?db=EANX&amp;s_browseRef=decades/1199665B07C63430/all.xml</subfield></datafield><datafield ind1=" " ind2=" " tag="938"><subfield code="a">Kirtas Technologies, Inc.</subfield><subfield code="b">KRTS</subfield><subfield code="n">737386</subfield></datafield><datafield ind1="1" ind2=" " tag="029"><subfield code="a">AU@</subfield><subfield code="b">000025837338</subfield></datafield><datafield ind1="1" ind2=" " tag="029"><subfield code="a">AU@</subfield><subfield code="b">000041677483</subfield></datafield></record>